@article{nic98,
	title={Zirconium and molybdenum in individual circumstellar graphite grains: New isotopic data on the nucleosynthesis of heavy elements},
	author={Nicolussi, G{\"u}nther K and Pellin, Michael J and Lewis, Roy S and Davis, Andrew M and Clayton, Robert N and Amari, Sachiko},
	journal={The Astrophysical Journal},
	volume={504},
	number={1},
	pages={492},
	year={1998},
	publisher={IOP Publishing}
}

@book{kww,
	title={Stellar structure and evolution},
	author={Kippenhahn, Rudolf and Weigert, Alfred and Weiss, Achim},
	volume={282},
	year={1990},
	publisher={Springer}
}

@article{meyer,
  title={Libnucnet: a tool for understanding nucleosynthesis},
  author={Meyer, BS and Adams, DC},
  journal={Meteoritics and Planetary Science Supplement},
  volume={42},
  pages={5215},
  year={2007}
}

@article{clayton1974s,
  title={s-Process Studies: Exact Evaluation of an Exponential Distrubution of Exposures},
  author={Clayton, Donald D and Ward, Richard A},
  journal={The Astrophysical Journal},
  year={1974},
  publisher={The American Astronomical Society}
}

@article{jacquot1983gaver,
  title={The Gaver-Stehfest algorithm for approximate inversion of Laplace transforms},
  author={Jacquot, RG and Steadman, JW and Rhodine, CN},
  journal={IEEE Circuits \& Systems Magazine},
  volume={5},
  number={1},
  pages={4--8},
  year={1983},
  publisher={IEEE}
}

@article{paxton2010modules,
  title={Modules for experiments in stellar astrophysics (MESA)},
  author={Paxton, Bill and Bildsten, Lars and Dotter, Aaron and Herwig, Falk and Lesaffre, Pierre and Timmes, Frank},
  journal={The Astrophysical Journal Supplement Series},
  volume={192},
  number={1},
  pages={3},
  year={2010},
  publisher={IOP Publishing}
}

@article{paxton2013modules,
  title={Modules for experiments in stellar astrophysics (MESA): planets, oscillations, rotation, and massive stars},
  author={Paxton, Bill and Cantiello, Matteo and Arras, Phil and Bildsten, Lars and Brown, Edward F and Dotter, Aaron and Mankovich, Christopher and Montgomery, MH and Stello, Dennis and Timmes, FX and others},
  journal={The Astrophysical Journal Supplement Series},
  volume={208},
  number={1},
  pages={4},
  year={2013},
  publisher={IOP Publishing}
}

@article{paxton2015modules,
  title={Modules for experiments in stellar astrophysics (MESA): binaries, pulsations, and explosions},
  author={Paxton, Bill and Marchant, Pablo and Schwab, Josiah and Bauer, Evan B and Bildsten, Lars and Cantiello, Matteo and Dessart, Luc and Farmer, R and Hu, H and Langer, N and others},
  journal={The Astrophysical Journal Supplement Series},
  volume={220},
  number={1},
  pages={15},
  year={2015},
  publisher={IOP Publishing}
}

@article{paxton2018modules,
  title={Modules for Experiments in Stellar Astrophysics (): Convective Boundaries, Element Diffusion, and Massive Star Explosions},
  author={Paxton, Bill and Schwab, Josiah and Bauer, Evan B and Bildsten, Lars and Blinnikov, Sergei and Duffell, Paul and Farmer, R and Goldberg, Jared A and Marchant, Pablo and Sorokina, Elena and others},
  journal={The Astrophysical Journal Supplement Series},
  volume={234},
  number={2},
  pages={34},
  year={2018},
  publisher={IOP Publishing}
}

@article{paxton2019modules,
  title={Modules for experiments in stellar astrophysics (MESA): pulsating variable stars, rotation, convective boundaries, and energy conservation},
  author={Paxton, Bill and Smolec, R and Schwab, Josiah and Gautschy, A and Bildsten, Lars and Cantiello, Matteo and Dotter, Aaron and Farmer, R and Goldberg, Jared A and Jermyn, Adam S and others},
  journal={The Astrophysical Journal Supplement Series},
  volume={243},
  number={1},
  pages={10},
  year={2019},
  publisher={IOP Publishing}
}

@article{baker2010thallium,
  title={The thallium isotope composition of carbonaceous chondritesâ€”New evidence for live 205Pb in the early solar system},
  author={Baker, RGA and Sch{\"o}nb{\"a}chler, M and Rehk{\"a}mper, M and Williams, HM and Halliday, AN},
  journal={Earth and Planetary Science Letters},
  volume={291},
  number={1-4},
  pages={39--47},
  year={2010},
  publisher={Elsevier}
}